[gd_scene load_steps=8 format=2]

[ext_resource path="res://ui/menus/BaseMenu.tscn" type="PackedScene" id=1]
[ext_resource path="res://ui/button/MyButton.tscn" type="PackedScene" id=2]
[ext_resource path="res://ui/Title.tscn" type="PackedScene" id=3]
[ext_resource path="res://ui/menus/win/Win.gd" type="Script" id=4]

[sub_resource type="Gradient" id=1]
offsets = PoolRealArray( 0, 0.335025, 0.77665 )
colors = PoolColorArray( 0.122997, 0.828613, 0.694243, 1, 0.809082, 0.666922, 0.189629, 1, 0.499392, 0.0699234, 0.89502, 1 )

[sub_resource type="GradientTexture" id=2]
gradient = SubResource( 1 )

[sub_resource type="ParticlesMaterial" id=3]
lifetime_randomness = 0.2
flag_disable_z = true
spread = 180.0
flatness = 1.0
gravity = Vector3( 0, 9.8, 0 )
initial_velocity = 100.0
initial_velocity_random = 0.1
orbit_velocity = 0.0
orbit_velocity_random = 0.0
radial_accel = 38.98
radial_accel_random = 0.24
scale = 4.0
color_ramp = SubResource( 2 )

[node name="Win" instance=ExtResource( 1 )]
script = ExtResource( 4 )

[node name="Particles2D" type="Particles2D" parent="." index="1"]
position = Vector2( 263.865, -7.75416 )
rotation = 1.99375
amount = 120
lifetime = 3.0
preprocess = 80.0
explosiveness = 0.17
randomness = 0.16
visibility_rect = Rect2( -200, -200, 400, 400 )
process_material = SubResource( 3 )

[node name="Particles2D2" type="Particles2D" parent="." index="2"]
position = Vector2( -17.9368, -11.6434 )
rotation = 1.99375
amount = 120
lifetime = 3.0
preprocess = 80.0
explosiveness = 0.17
randomness = 0.16
visibility_rect = Rect2( -200, -200, 400, 400 )
process_material = SubResource( 3 )

[node name="Particles2D3" type="Particles2D" parent="." index="3"]
position = Vector2( 260, 150 )
rotation = 1.99375
amount = 120
lifetime = 3.0
preprocess = 80.0
explosiveness = 0.17
randomness = 0.16
visibility_rect = Rect2( -200, -200, 400, 400 )
process_material = SubResource( 3 )

[node name="Particles2D4" type="Particles2D" parent="." index="4"]
position = Vector2( -10.7002, 128.716 )
rotation = 1.99375
amount = 120
lifetime = 3.0
preprocess = 80.0
explosiveness = 0.17
randomness = 0.16
visibility_rect = Rect2( -200, -200, 400, 400 )
process_material = SubResource( 3 )

[node name="VBoxContainer" type="VBoxContainer" parent="MarginContainer" index="0"]
margin_right = 226.0
margin_bottom = 114.0

[node name="Title" parent="MarginContainer/VBoxContainer" index="0" instance=ExtResource( 3 )]
anchor_left = 0.0
anchor_top = 0.0
anchor_right = 0.0
anchor_bottom = 0.0
margin_left = 0.0
margin_top = 6.0
margin_right = 226.0
margin_bottom = 40.0
text = "Infection
Completed!!"

[node name="CenterContainer" type="CenterContainer" parent="MarginContainer/VBoxContainer" index="1"]
margin_top = 50.0
margin_right = 226.0
margin_bottom = 96.0
size_flags_vertical = 3

[node name="VBoxContainer" type="VBoxContainer" parent="MarginContainer/VBoxContainer/CenterContainer" index="0"]
margin_left = 89.0
margin_top = 17.0
margin_right = 137.0
margin_bottom = 29.0

[node name="HBoxContainer" type="HBoxContainer" parent="MarginContainer/VBoxContainer/CenterContainer/VBoxContainer" index="0"]
margin_right = 48.0
margin_bottom = 4.0

[node name="Label" type="Label" parent="MarginContainer/VBoxContainer/CenterContainer/VBoxContainer/HBoxContainer" index="0"]
margin_right = 28.0
margin_bottom = 4.0
text = "Score: "

[node name="ScoreLabel" type="Label" parent="MarginContainer/VBoxContainer/CenterContainer/VBoxContainer/HBoxContainer" index="1"]
margin_left = 32.0
margin_right = 48.0
margin_bottom = 4.0
text = "0000"
align = 2

[node name="HBoxContainer2" type="HBoxContainer" parent="MarginContainer/VBoxContainer/CenterContainer/VBoxContainer" index="1"]
margin_top = 8.0
margin_right = 48.0
margin_bottom = 12.0

[node name="Label" type="Label" parent="MarginContainer/VBoxContainer/CenterContainer/VBoxContainer/HBoxContainer2" index="0"]
margin_right = 24.0
margin_bottom = 4.0
text = "Best: "

[node name="BestLabel" type="Label" parent="MarginContainer/VBoxContainer/CenterContainer/VBoxContainer/HBoxContainer2" index="1"]
margin_left = 28.0
margin_right = 44.0
margin_bottom = 4.0
text = "0000"
align = 2

[node name="CenterContainer2" type="CenterContainer" parent="MarginContainer/VBoxContainer" index="2"]
margin_top = 100.0
margin_right = 226.0
margin_bottom = 114.0

[node name="HBoxContainer" type="HBoxContainer" parent="MarginContainer/VBoxContainer/CenterContainer2" index="0"]
margin_left = 93.0
margin_right = 133.0
margin_bottom = 14.0

[node name="PlayAgain" parent="MarginContainer/VBoxContainer/CenterContainer2/HBoxContainer" index="0" instance=ExtResource( 2 )]
margin_right = 40.0
text = "Continue"
[connection signal="button_up" from="MarginContainer/VBoxContainer/CenterContainer2/HBoxContainer/PlayAgain" to="." method="_on_PlayAgain_button_up"]
