[gd_scene load_steps=11 format=2]

[ext_resource path="res://enemies/enemy.png" type="Texture" id=1]
[ext_resource path="res://player/light.png" type="Texture" id=2]
[ext_resource path="res://enemies/Enemy.gd" type="Script" id=3]

[sub_resource type="CircleShape2D" id=1]
radius = 12.0

[sub_resource type="OccluderPolygon2D" id=2]
cull_mode = 2
polygon = PoolVector2Array( 0, -12, 8, -8, 12, 0, 8, 8, 0, 12, -8, 8, -12, 0, -8, -8 )

[sub_resource type="AtlasTexture" id=3]
atlas = ExtResource( 1 )
region = Rect2( 0, 0, 32, 32 )

[sub_resource type="AtlasTexture" id=4]
atlas = ExtResource( 1 )
region = Rect2( 32, 0, 32, 32 )

[sub_resource type="AtlasTexture" id=5]
atlas = ExtResource( 1 )
region = Rect2( 64, 0, 32, 32 )

[sub_resource type="AtlasTexture" id=6]
atlas = ExtResource( 1 )
region = Rect2( 96, 0, 32, 32 )

[sub_resource type="SpriteFrames" id=7]
animations = [ {
"frames": [ SubResource( 3 ), SubResource( 4 ), SubResource( 5 ), SubResource( 6 ) ],
"loop": true,
"name": "default",
"speed": 8.0
} ]

[node name="Enemy" type="Area2D" groups=[
"enemies",
"mini_map_objects",
]]
script = ExtResource( 3 )
__meta__ = {
"_edit_group_": true
}

[node name="CollisionShape2D" type="CollisionShape2D" parent="."]
shape = SubResource( 1 )

[node name="Light2D" type="Light2D" parent="."]
visible = false
texture = ExtResource( 2 )
shadow_enabled = true

[node name="LightOccluder2D" type="LightOccluder2D" parent="."]
visible = false
occluder = SubResource( 2 )

[node name="AnimatedSprite" type="AnimatedSprite" parent="."]
frames = SubResource( 7 )
frame = 2
playing = true
