[gd_scene load_steps=23 format=2]

[ext_resource path="res://player/Player.gd" type="Script" id=1]
[ext_resource path="res://player/virus.png" type="Texture" id=2]
[ext_resource path="res://player/light.png" type="Texture" id=3]
[ext_resource path="res://player/virus1.png" type="Texture" id=4]
[ext_resource path="res://player/voice_gone_crazy.ogg" type="AudioStream" id=5]
[ext_resource path="res://player/voice_yummy.ogg" type="AudioStream" id=6]

[sub_resource type="OccluderPolygon2D" id=1]
cull_mode = 2
polygon = PoolVector2Array( 0, -8, 6, -6, 8, 0, 6, 6, 0, 8, -6, 6, -8, 0, -6, -6 )

[sub_resource type="CircleShape2D" id=2]
radius = 8.0

[sub_resource type="Gradient" id=3]
offsets = PoolRealArray( 0, 0.989848 )
colors = PoolColorArray( 1, 1, 1, 1, 0.172549, 0.247059, 0.176471, 0.360784 )

[sub_resource type="GradientTexture" id=4]
gradient = SubResource( 3 )

[sub_resource type="Curve" id=5]
_data = [ Vector2( 0, 1 ), 0.0, 0.0, 0, 0, Vector2( 1, 0.319318 ), 0.0, 0.0, 0, 0 ]

[sub_resource type="CurveTexture" id=6]
curve = SubResource( 5 )

[sub_resource type="ParticlesMaterial" id=7]
flag_disable_z = true
direction = Vector3( 0, 0, 0 )
gravity = Vector3( 0, 0, 0 )
orbit_velocity = 0.0
orbit_velocity_random = 0.0
scale_curve = SubResource( 6 )
color_ramp = SubResource( 4 )

[sub_resource type="AtlasTexture" id=8]
atlas = ExtResource( 2 )
region = Rect2( 0, 0, 16, 16 )

[sub_resource type="AtlasTexture" id=9]
atlas = ExtResource( 2 )
region = Rect2( 16, 0, 16, 16 )

[sub_resource type="AtlasTexture" id=10]
atlas = ExtResource( 2 )
region = Rect2( 32, 0, 16, 16 )

[sub_resource type="AtlasTexture" id=11]
atlas = ExtResource( 2 )
region = Rect2( 48, 0, 16, 16 )

[sub_resource type="AtlasTexture" id=12]
atlas = ExtResource( 2 )
region = Rect2( 0, 16, 16, 16 )

[sub_resource type="AtlasTexture" id=13]
atlas = ExtResource( 2 )
region = Rect2( 16, 16, 16, 16 )

[sub_resource type="AtlasTexture" id=14]
atlas = ExtResource( 2 )
region = Rect2( 32, 16, 16, 16 )

[sub_resource type="AtlasTexture" id=15]
atlas = ExtResource( 2 )
region = Rect2( 48, 16, 16, 16 )

[sub_resource type="SpriteFrames" id=16]
animations = [ {
"frames": [ SubResource( 8 ), SubResource( 9 ), SubResource( 10 ), SubResource( 11 ), SubResource( 12 ), SubResource( 13 ), SubResource( 14 ), SubResource( 15 ) ],
"loop": true,
"name": "default",
"speed": 14.0
} ]

[node name="Player" type="Area2D"]
script = ExtResource( 1 )
__meta__ = {
"_edit_group_": true
}

[node name="LightOccluder2D" type="LightOccluder2D" parent="."]
occluder = SubResource( 1 )

[node name="Light2D" type="Light2D" parent="."]
visible = false
texture = ExtResource( 3 )
texture_scale = 2.0
shadow_enabled = true
shadow_filter_smooth = 8.8

[node name="CollisionShape2D" type="CollisionShape2D" parent="."]
shape = SubResource( 2 )

[node name="Tail" type="Particles2D" parent="."]
amount = 4
lifetime = 0.3
preprocess = 4.0
local_coords = false
process_material = SubResource( 7 )
texture = ExtResource( 4 )

[node name="AnimatedSprite" type="AnimatedSprite" parent="."]
frames = SubResource( 16 )
frame = 1
playing = true

[node name="VisibilityNotifier2D" type="VisibilityNotifier2D" parent="AnimatedSprite"]

[node name="Voice" type="Node2D" parent="."]

[node name="Crazy" type="AudioStreamPlayer2D" parent="Voice"]
stream = ExtResource( 5 )

[node name="Yummy" type="AudioStreamPlayer2D" parent="Voice"]
stream = ExtResource( 6 )
[connection signal="area_entered" from="." to="." method="_on_Player_area_entered"]
[connection signal="screen_exited" from="AnimatedSprite/VisibilityNotifier2D" to="." method="_on_VisibilityNotifier2D_screen_exited"]
